Account Name       :                	Mr. PRATIK VIJAYBHAI GOPALKAGOPALKA
Address            :	PAGATHIYA SHERI
                                    	
                                    	BILKHA-362001
                                    	Junagadh
Date               :                	17 Jul 2024
Account Number     :	_00000066015515243
Account Description:	REGULAR SB NCHQ-INDIVIDUALS
Branch             :	BILKHA
Drawing Power      :	0.00
Interest Rate(% p.a.):	2.7
MOD Balance      :	0.00
CIF No.          :	_76006204324
IFS (Indian Financial System) Code         :	SBIN0060059
MICR (Magnetic Ink Character Recognition)  Code        :	_362002512
Nomination Registered    :	No 
Balance on 1 Apr 2023        :	13,267.60
Start Date          :	1 Apr 2023
End Date            :	31 Mar 2024
Txn Date	Value Date	Description	Ref No./Cheque No.	        Debit	Credit	Balance	
24 Apr 2023	24 Apr 2023	   DEBIT-ATMCard AMC  412151*2301--		147.50	 	13,120.10
26 Apr 2023	26 Apr 2023	   TO TRANSFER-UPI/DR/348241040133/ASHAVINI/HDFC/8758662075/Payme--	TRANSFER TO 4897692162094	3,000.00	 	10,120.10
29 Apr 2023	29 Apr 2023	   ATM WDL-ATM CASH 9228  KARGIL CHAR RASTA BRANAHMADABAD--		2,000.00	 	8,120.10
30 Apr 2023	30 Apr 2023	   TO TRANSFER-UPI/DR/312093972810/AAI SHRE/PYTM/paytmqr281/Payme--	TRANSFER TO 4897696162090	1,330.00	 	6,790.10
30 Apr 2023	30 Apr 2023	   TO TRANSFER-UPI/DR/312094722683/PRAVINKU/SBIN/makwanapra/Payme--	TRANSFER TO 4897696162090	300.00	 	6,490.10
30 Apr 2023	30 Apr 2023	   TO TRANSFER-UPI/DR/312008552593/GOPAL SI/PYTM/paytmqr281/Payme--	TRANSFER TO 4897696162090	40.00	 	6,450.10
30 Apr 2023	30 Apr 2023	   TO TRANSFER-UPI/DR/312005673448/Nidhi Ha/UTIB/gpay-11183/Payme--	TRANSFER TO 4897696162090	60.00	 	6,390.10
30 Apr 2023	30 Apr 2023	   TO TRANSFER-UPI/DR/312053658032/Nidhi Ha/UTIB/gpay-11183/Payme--	TRANSFER TO 4897696162090	400.00	 	5,990.10
30 Apr 2023	30 Apr 2023	   TO TRANSFER-UPI/DR/312073502186/Ramdev C/UTIB/gpay-11214/Payme--	TRANSFER TO 4897696162090	30.00	 	5,960.10
30 Apr 2023	30 Apr 2023	   TO TRANSFER-UPI/DR/312060005295/PRAVINKU/SBIN/makwanapra/Payme--	TRANSFER TO 4897696162090	50.00	 	5,910.10
30 Apr 2023	30 Apr 2023	   TO TRANSFER-UPI/DR/348658360205/Mrs  RAJ/YESB/Q686082322/Payme--	TRANSFER TO 4897696162090	65.00	 	5,845.10
1 May 2023	1 May 2023	   TO TRANSFER-UPI/DR/348786460855/DIPAK GA/BARB/Q057442567/Payme--	TRANSFER TO 4897690162095	20.00	 	5,825.10
1 May 2023	1 May 2023	   TO TRANSFER-UPI/DR/348758281872/KALPESHK/SBIN/9376882533/Elect--	TRANSFER TO 4897690162095	3,650.00	 	2,175.10
3 May 2023	3 May 2023	   TO TRANSFER-UPI/DR/348959658013/HARDIKKU/UTIB/8141920580/Payme--	TRANSFER TO 4897692162094	1,110.00	 	1,065.10
4 May 2023	4 May 2023	   TO TRANSFER-UPI/DR/312474134993/TANEE EN/UTIB/MAB.037322/Payme--	TRANSFER TO 4897693162093	1,020.00	 	45.10
25 Jun 2023	25 Jun 2023	   CREDIT INTEREST---		 	34.00	79.10
31 Aug 2023	31 Aug 2023	   BY TRANSFER-UPI/CR/324364143412/PRATIKKU/HDFC/pratikchit/UPI--	TRANSFER FROM 4897735162098	 	1,000.00	1,079.10
31 Aug 2023	31 Aug 2023	   BY TRANSFER-UPI/CR/324328133350/MANISH P/UTIB/mvaishnav4/UPI--	TRANSFER FROM 4897735162098	 	1,000.00	2,079.10
31 Aug 2023	31 Aug 2023	   BY TRANSFER-UPI/CR/324328180586/MANISH P/UTIB/mvaishnav4/UPI--	TRANSFER FROM 4897735162098	 	1,000.00	3,079.10
31 Aug 2023	31 Aug 2023	   BY TRANSFER-UPI/CR/360918270319/SOURABH /ICIC/pachouriso/bdayC--	TRANSFER FROM 4897735162098	 	1,000.00	4,079.10
25 Sep 2023	25 Sep 2023	   CREDIT INTEREST---		 	8.00	4,087.10
7 Oct 2023	7 Oct 2023	   BY TRANSFER-UPI/CR/328083885291/PRATIK G/ICIC/sbipratik@/UPI--	TRANSFER FROM 4897737162096	 	20,000.00	24,087.10
8 Oct 2023	8 Oct 2023	   TO TRANSFER-UPI/DR/328166720303/GOPALKA /BARB/gopalkapra/UPI--	TRANSFER TO 4897696162090	5,000.00	 	19,087.10
9 Oct 2023	9 Oct 2023	   TO TRANSFER-UPI/DR/364895924059/GOPALKA /BARB/gopalkapra/Payme--	TRANSFER TO 4897690162095	3,000.00	 	16,087.10
9 Oct 2023	9 Oct 2023	   TO TRANSFER-UPI/DR/364801861871/GOPALKA /BARB/gopalkapra/Payme--	TRANSFER TO 4897690162095	4,000.00	 	12,087.10
11 Oct 2023	11 Oct 2023	   ATM WDL-ATM CASH 32841 SILVER SQUARE SHOP NOB2AHMEDABAD--		1,300.00	 	10,787.10
18 Oct 2023	18 Oct 2023	   TO TRANSFER-UPI/DR/329136424178/Prabhu L/PYTM/paytmqr1wy/Payme--	TRANSFER TO 4897692162094	160.00	 	10,627.10
19 Oct 2023	19 Oct 2023	   TO TRANSFER-UPI/DR/329236976682/DHVANI T/PYTM/paytmqrjud/Payme--	TRANSFER TO 4897693162093	100.00	 	10,527.10
20 Oct 2023	20 Oct 2023	   TO TRANSFER-UPI/DR/329337290646/Agrawal /PYTM/paytmqrrk8/Payme--	TRANSFER TO 4897694162092	80.00	 	10,447.10
20 Oct 2023	20 Oct 2023	   TO TRANSFER-UPI/DR/365913208781/RANPARA /YESB/Q585278951/Payme--	TRANSFER TO 4897694162092	140.00	 	10,307.10
20 Oct 2023	20 Oct 2023	   TO TRANSFER-UPI/DR/329308743694/UMA SHAN/UTIB/rajeev.gup/Payme--	TRANSFER TO 4897694162092	210.00	 	10,097.10
20 Oct 2023	20 Oct 2023	   TO TRANSFER-UPI/DR/329348715464/BHANSALI/PYTM/paytmqrlv3/Payme--	TRANSFER TO 4897694162092	50.00	 	10,047.10
21 Oct 2023	21 Oct 2023	   TO TRANSFER-UPI/DR/329456992287/Maruti S/PYTM/paytmqrn33/Payme--	TRANSFER TO 4897695162091	10.00	 	10,037.10
21 Oct 2023	21 Oct 2023	   TO TRANSFER-UPI/DR/329403299691/Patel La/PYTM/paytmqrg2g/Payme--	TRANSFER TO 4897695162091	160.00	 	9,877.10
21 Oct 2023	21 Oct 2023	   TO TRANSFER-UPI/DR/329443971856/NAVNIT L/HDFC/9558439204/Train--	TRANSFER TO 4897696162090	3,420.00	 	6,457.10
22 Oct 2023	22 Oct 2023	   TO TRANSFER-UPI/DR/329561709317/Patel La/PYTM/paytmqr1t7/Payme--	TRANSFER TO 4897696162090	80.00	 	6,377.10
22 Oct 2023	22 Oct 2023	   TO TRANSFER-UPI/DR/366154576171/GOPAL SI/YESB/Q943446247/Payme--	TRANSFER TO 4897696162090	59.00	 	6,318.10
22 Oct 2023	22 Oct 2023	   TO TRANSFER-UPI/DR/366111804960/BHAVESH /YESB/Q181317682/Payme--	TRANSFER TO 4897696162090	10.00	 	6,308.10
24 Oct 2023	24 Oct 2023	   TO TRANSFER-UPI/DR/329720136964/Vaibhav /UTIB/gpay-11200/Payme--	TRANSFER TO 4897691162095	200.00	 	6,108.10
24 Oct 2023	24 Oct 2023	   TO TRANSFER-UPI/DR/329776599664/VIRAMBHA/PYTM/paytmqr281/Payme--	TRANSFER TO 4897691162095	45.00	 	6,063.10
24 Oct 2023	24 Oct 2023	   TO TRANSFER-UPI/DR/329772204670/VIRAMBHA/PYTM/paytmqr281/Payme--	TRANSFER TO 4897691162095	65.00	 	5,998.10
24 Oct 2023	24 Oct 2023	   TO TRANSFER-UPI/DR/329728705636/KIRTISIN/PYTM/paytmqr7yr/Payme--	TRANSFER TO 4897691162095	20.00	 	5,978.10
24 Oct 2023	24 Oct 2023	   TO TRANSFER-UPI/DR/329771555350/VIRAMBHA/PYTM/paytmqr281/Payme--	TRANSFER TO 4897691162095	380.00	 	5,598.10
24 Oct 2023	24 Oct 2023	   TO TRANSFER-UPI/DR/329779887055/KHIRASAR/PYTM/paytmqr281/Payme--	TRANSFER TO 4897691162095	160.00	 	5,438.10
24 Oct 2023	24 Oct 2023	   TO TRANSFER-UPI/DR/329747920756/OMPRAKAS/PYTM/paytmqrl11/Payme--	TRANSFER TO 4897691162095	30.00	 	5,408.10
26 Oct 2023	26 Oct 2023	   TO TRANSFER-UPI/DR/329918540482/MANZURAH/KKBK/manjurmssh/Payme--	TRANSFER TO 4897693162093	80.00	 	5,328.10
28 Oct 2023	28 Oct 2023	   TO TRANSFER-UPI/DR/366782657801/VIPUL KU/BARB/8487089463/Payme--	TRANSFER TO 4897695162091	70.00	 	5,258.10
28 Oct 2023	28 Oct 2023	   TO TRANSFER-UPI/DR/366786849380/VIPUL KU/BARB/8487089463/Payme--	TRANSFER TO 4897695162091	140.00	 	5,118.10
29 Oct 2023	29 Oct 2023	   TO TRANSFER-UPI/DR/366872976407/GOPAL SI/YESB/Q943446247/Payme--	TRANSFER TO 4897696162090	33.00	 	5,085.10
29 Oct 2023	29 Oct 2023	   TO TRANSFER-UPI/DR/330226203005/JIGNESHB/PYTM/paytmqr183/Payme--	TRANSFER TO 4897696162090	220.00	 	4,865.10
29 Oct 2023	29 Oct 2023	   TO TRANSFER-UPI/DR/366830432816/GOPAL SI/YESB/Q943446247/Payme--	TRANSFER TO 4897696162090	40.00	 	4,825.10
29 Oct 2023	29 Oct 2023	   TO TRANSFER-UPI/DR/366881544551/GOPAL SI/YESB/Q943446247/Payme--	TRANSFER TO 4897696162090	88.00	 	4,737.10
29 Oct 2023	29 Oct 2023	   TO TRANSFER-UPI/DR/330256438527/MAFATLAL/PYTM/paytmqr281/Payme--	TRANSFER TO 4897696162090	955.00	 	3,782.10
2 Nov 2023	2 Nov 2023	   TO TRANSFER-UPI/DR/330602612600/BHARATBH/PYTM/paytmqr281/Payme--	TRANSFER TO 4897693162093	250.00	 	3,532.10
2 Nov 2023	2 Nov 2023	   TO TRANSFER-UPI/DR/330623772303/Israul Haq/PYTM/paytmqr281/Pay--	TRANSFER TO 4897693162093	20.00	 	3,512.10
13 Nov 2023	13 Nov 2023	   BY TRANSFER-UPI/CR/331707564109/ASHAVINI/HDFC/ashvini.la/UPI--	TRANSFER FROM 4897732162091	 	4,000.00	7,512.10
13 Nov 2023	13 Nov 2023	   ATM WDL-ATM CASH 9406  SBI BILKHA BRANCH     JUNAGADH--		2,000.00	 	5,512.10
15 Nov 2023	15 Nov 2023	   TO TRANSFER-UPI/DR/331951412236/CHAMUNDA/HDFC/chamundath/Payme--	TRANSFER TO 4897692162094	80.00	 	5,432.10
15 Nov 2023	15 Nov 2023	   ATM WDL-ATM CASH 9720  SBI BILKHA BRANCH     JUNAGADH--		1,000.00	 	4,432.10
16 Nov 2023	16 Nov 2023	   TO TRANSFER-UPI/DR/368653230086/SATYAM R/YESB/Q042022424/Payme--	TRANSFER TO 4897693162093	190.00	 	4,242.10
16 Nov 2023	16 Nov 2023	   BY TRANSFER-UPI/CR/332096354706/ASHAVINI/HDFC/ashvini.la/UPI--	TRANSFER FROM 4897735162098	 	1,000.00	5,242.10
17 Nov 2023	17 Nov 2023	   TO TRANSFER-UPI/DR/332169760827/Kabana C/UTIB/9898646799/Payme--	TRANSFER TO 4897694162092	120.00	 	5,122.10
18 Nov 2023	18 Nov 2023	   ATM WDL-ATM CASH 609   TOM341ANUPAM SQURE MOTSURAT--		1,000.00	 	4,122.10
19 Nov 2023	19 Nov 2023	   TO TRANSFER-UPI/DR/368995098244/ARIHANT /YESB/Q887039954/Payme--	TRANSFER TO 4897696162090	20.00	 	4,102.10
19 Nov 2023	19 Nov 2023	   TO TRANSFER-UPI/DR/368923636135/ARIHANT /YESB/Q887039954/Payme--	TRANSFER TO 4897696162090	30.00	 	4,072.10
19 Nov 2023	19 Nov 2023	   TO TRANSFER-UPI/DR/332393588252/VAGHELA /KKBK/miteshv143/Payme--	TRANSFER TO 4897696162090	210.00	 	3,862.10
21 Nov 2023	21 Nov 2023	   TO TRANSFER-UPI/DR/332552942290/Shreeji /UTIB/9427248467/Payme--	TRANSFER TO 4897691162095	500.00	 	3,362.10
21 Nov 2023	21 Nov 2023	   TO TRANSFER-UPI/DR/332533929255/Shreeji /UTIB/gpay-11207/Payme--	TRANSFER TO 4897691162095	350.00	 	3,012.10
21 Nov 2023	21 Nov 2023	   TO TRANSFER-UPI/DR/369140269540/RAJESHBH/YESB/Q554537015/Payme--	TRANSFER TO 4897691162095	600.00	 	2,412.10
30 Nov 2023	30 Nov 2023	   BY TRANSFER-UPI/CR/370066409543/GOPALKA /BARB/gopalkapra/Payme--	TRANSFER FROM 4897735162098	 	3,500.00	5,912.10
30 Nov 2023	30 Nov 2023	   ATM WDL-ATM CASH 33341 NR LIC OFFICE DAYA KUNJAMRELI--		5,000.00	 	912.10
25 Dec 2023	25 Dec 2023	   BY TRANSFER-UPI/CR/335935982125/GOPALKA /BARB/sbipratik@/UPI--	TRANSFER FROM 4897732162091	 	100.00	1,012.10
25 Dec 2023	25 Dec 2023	   CREDIT INTEREST---		 	30.00	1,042.10
10 Jan 2024	10 Jan 2024	   TO TRANSFER-UPI/DR/401078720696/GOPALKA /BARB/gopalkapra/UPI--	TRANSFER TO 4897692162094	200.00	 	842.10
31 Jan 2024	31 Jan 2024	   TO TRANSFER-UPI/DR/439724388953/PRAJAPAT/BARB/6353430440/Payme--	TRANSFER TO 4897692162094	90.00	 	752.10
1 Feb 2024	1 Feb 2024	   TO TRANSFER-UPI/DR/439884085961/GOPAL SI/YESB/Q943446247/Payme--	TRANSFER TO 4897693162093	28.00	 	724.10
2 Feb 2024	2 Feb 2024	   BY TRANSFER-UPI/CR/403310321073/CREDDrea/ICIC/credpay@ic/house--	TRANSFER FROM 4897736162097	 	25,000.00	25,724.10
2 Feb 2024	2 Feb 2024	   TO TRANSFER-UPI/DR/403363059379/SAAVI WO/YESB/bharatpe90/Pay T--	TRANSFER TO 4897694162092	500.00	 	25,224.10
2 Feb 2024	2 Feb 2024	   ATM WDL-ATM CASH 8801  +SBI MAKARBA BR ATM   AHMADABAD--		5,000.00	 	20,224.10
2 Feb 2024	2 Feb 2024	   ATM WDL-ATM CASH 7135  INTOUCH MAKARBA RECYCLAHMADABAD--		5,000.00	 	15,224.10
2 Feb 2024	2 Feb 2024	   TO TRANSFER-UPI/DR/439929418671/Poha Shop/UTIB/9722576660/Paid--	TRANSFER TO 4897694162092	50.00	 	15,174.10
2 Feb 2024	2 Feb 2024	   TO TRANSFER-UPI/DR/403391061864/Fast Foo/UTIB/9662967054/Paid--	TRANSFER TO 4897694162092	130.00	 	15,044.10
2 Feb 2024	2 Feb 2024	   BY TRANSFER-UPI/CR/403320166500/CASHFREE/SCBL/cashfreepa/CRED--	TRANSFER FROM 4897736162097	 	7,000.00	22,044.10
3 Feb 2024	3 Feb 2024	   TO TRANSFER-INB NEFT UTR NO: SBIN324034055353--pratikgopalka	NEFT INB: IRX8928322                               / pratikgopalka	20,200.00	 	1,844.10
4 Feb 2024	4 Feb 2024	   TO TRANSFER-UPI/DR/440154254388/AMARATLA/YESB/Q553466806/Payme--	TRANSFER TO 4897696162090	70.00	 	1,774.10
7 Feb 2024	7 Feb 2024	   TO TRANSFER-UPI/DR/440485359010/VISHALSI/UTIB/vbihola@yb/Payme--	TRANSFER TO 4897692162094	145.00	 	1,629.10
24 Feb 2024	24 Feb 2024	   TO TRANSFER-UPI/DR/442115151220/LOKESH K/YESB/q560429250/Paid--	TRANSFER TO 4897695162091	10.00	 	1,619.10
5 Mar 2024	5 Mar 2024	   BY TRANSFER-NEFT*ICIC0SF0002*HS92406535706889*PRATIKGOPALAKA*N--	TRANSFER FROM 4697222044304	 	23,000.00	24,619.10
9 Mar 2024	9 Mar 2024	   ATM WDL-ATM CASH 40690 IDBI MAHAKAL ROAD        UJJAIN--		2,000.00	 	22,619.10
9 Mar 2024	9 Mar 2024	   TO TRANSFER-UPI/DR/443556903461/GOPALKA /BARB/gopalkapra/Payme--	TRANSFER TO 4897695162091	1,000.00	 	21,619.10
10 Mar 2024	10 Mar 2024	   TO TRANSFER-UPI/DR/443628835531/Axis/UTIB/cred.club@/payment--	TRANSFER TO 4897696162090	996.00	 	20,623.10
10 Mar 2024	10 Mar 2024	   TO TRANSFER-UPI/DR/443634757162/HIRA SIN/BKID/7225011180/Payme--	TRANSFER TO 4897696162090	2,000.00	 	18,623.10
10 Mar 2024	10 Mar 2024	   TO TRANSFER-UPI/DR/407029629073/Amazon Pay/UTIB/amazonpayc/Req--	TRANSFER TO 4897696162090	2,000.00	 	16,623.10
10 Mar 2024	10 Mar 2024	   TO TRANSFER-UPI/DR/443660026950/HIRA SIN/BKID/7225011180/Payme--	TRANSFER TO 4897690162095	1,400.00	 	15,223.10
11 Mar 2024	11 Mar 2024	   TO TRANSFER-UPI/DR/407122396980/Parviom /ICIC/parkplus11/UPIIn--	TRANSFER TO 4897690162095	2,000.00	 	13,223.10
11 Mar 2024	11 Mar 2024	   TO TRANSFER-UPI/DR/407143146797/Axis/UTIB/cred.club@/payment--	TRANSFER TO 4897690162095	4,995.00	 	8,228.10
11 Mar 2024	11 Mar 2024	   TO TRANSFER-UPI/DR/443742548708/SAAVI WO/YESB/bharatpe90/Pay T--	TRANSFER TO 4897690162095	2,800.00	 	5,428.10
11 Mar 2024	11 Mar 2024	   TO TRANSFER-UPI/DR/443701004492/PATEL KA/HDFC/9724802280/Payme--	TRANSFER TO 4897690162095	252.00	 	5,176.10
11 Mar 2024	11 Mar 2024	   TO TRANSFER-UPI/DR/443773746951/RAKSHITH/HDFC/rakshithmv/Payme--	TRANSFER TO 4897690162095	65.00	 	5,111.10
11 Mar 2024	11 Mar 2024	   TO TRANSFER-UPI/DR/443742896948/KISHAN Y/HDFC/9773136242/Payme--	TRANSFER TO 4897690162095	1,632.00	 	3,479.10
11 Mar 2024	11 Mar 2024	   TO TRANSFER-UPI/DR/443706785926/ASHAVINI/HDFC/8758662075/Payme--	TRANSFER TO 4897690162095	1,557.00	 	1,922.10
11 Mar 2024	11 Mar 2024	   BY TRANSFER-UPI/CR/443748373432/ASHAVINI/HDFC/8758662075/Paid--	TRANSFER FROM 4897732162091	 	1,400.00	3,322.10
12 Mar 2024	12 Mar 2024	   TO TRANSFER-UPI/DR/407258282360/HARISH K/YESB/q166828153/Paid--	TRANSFER TO 4897691162095	50.00	 	3,272.10
13 Mar 2024	13 Mar 2024	   TO TRANSFER-UPI/DR/443962548591/THAKOR P/UBIN/prakashhar/Paid--	TRANSFER TO 4897692162094	10.00	 	3,262.10
14 Mar 2024	14 Mar 2024	   TO TRANSFER-UPI/DR/407441466742/THAKOR P/UBIN/prakashhar/Paid--	TRANSFER TO 4897693162093	10.00	 	3,252.10
14 Mar 2024	14 Mar 2024	   TO TRANSFER-UPI/DR/407431066704/SAAVI PH/HDFC/vyapar.170/Paid--	TRANSFER TO 4897693162093	371.00	 	2,881.10
15 Mar 2024	15 Mar 2024	   TO TRANSFER-UPI/DR/407554245779/Mr RAJES/YESB/paytmqr281/Paid--	TRANSFER TO 4897694162092	140.00	 	2,741.10
16 Mar 2024	16 Mar 2024	   TO TRANSFER-UPI/DR/407615891822/BHAVESH /YESB/q181317682/Paid--	TRANSFER TO 4897695162091	90.00	 	2,651.10
16 Mar 2024	16 Mar 2024	   TO TRANSFER-UPI/DR/407627795771/Makwana /SBIN/girishbhai/Paid--	TRANSFER TO 4897695162091	20.00	 	2,631.10
25 Mar 2024	25 Mar 2024	   CREDIT INTEREST---		 	21.00	2,652.10

**This is a computer generated statement and does not require a signature

